<record><leader>00000cas a2200000 a 4500</leader><controlfield tag="001">31018525</controlfield><controlfield tag="008">940826d19712006iluwr ne      0   a0eng c</controlfield><datafield ind1=" " ind2=" " tag="010"><subfield code="a">sn 94054583 </subfield></datafield><datafield ind1=" " ind2=" " tag="040"><subfield code="a">NVF</subfield><subfield code="b">eng</subfield><subfield code="c">NVF</subfield><subfield code="d">NSD</subfield><subfield code="d">CVF</subfield><subfield code="d">OCLCQ</subfield><subfield code="d">CUS</subfield><subfield code="d">NVF</subfield><subfield code="d">DLC</subfield><subfield code="d">OCLCQ</subfield><subfield code="d">OCLCF</subfield><subfield code="d">NVF</subfield></datafield><datafield ind1=" " ind2=" " tag="012"><subfield code="m">y</subfield></datafield><datafield ind1="1" ind2=" " tag="022"><subfield code="a">1084-7944</subfield><subfield code="l">1084-7944</subfield><subfield code="2">1</subfield></datafield><datafield ind1=" " ind2=" " tag="042"><subfield code="a">pcc</subfield><subfield code="a">nsdp</subfield></datafield><datafield ind1=" " ind2=" " tag="043"><subfield code="a">n-us-il</subfield></datafield><datafield ind1="1" ind2="0" tag="050"><subfield code="a">ISSN RECORD</subfield></datafield><datafield ind1="0" ind2=" " tag="130"><subfield code="a">Maywood herald (Oak Park, Ill. : 1971)</subfield></datafield><datafield ind1=" " ind2="0" tag="222"><subfield code="a">Maywood herald</subfield><subfield code="b">(1971)</subfield></datafield><datafield ind1="1" ind2="0" tag="245"><subfield code="a">Maywood herald.</subfield></datafield><datafield ind1=" " ind2=" " tag="260"><subfield code="a">Oak Park, Ill. :</subfield><subfield code="b">Pioneer Press,</subfield><subfield code="c">1971-2006.</subfield></datafield><datafield ind1=" " ind2=" " tag="300"><subfield code="a">36 v.</subfield></datafield><datafield ind1=" " ind2=" " tag="310"><subfield code="a">Weekly</subfield></datafield><datafield ind1="0" ind2=" " tag="362"><subfield code="a">Vol. 1, no. 1 (Apr. 28, 1971)-v. 36, no. 34 (Nov. 8, 2006).</subfield></datafield><datafield ind1=" " ind2=" " tag="530"><subfield code="a">Also available via the World Wide Web.</subfield></datafield><datafield ind1=" " ind2=" " tag="580"><subfield code="a">Merged with: West Proviso herald, and: Melrose Park herald, and: Westchester herald (Wilmette, Ill.), to form: Proviso herald (Oak Park, Ill. : 2006).</subfield></datafield><datafield ind1=" " ind2="0" tag="651"><subfield code="a">Maywood (Ill.)</subfield><subfield code="v">Newspapers.</subfield></datafield><datafield ind1=" " ind2="0" tag="651"><subfield code="a">Broadview (Ill.)</subfield><subfield code="v">Newspapers.</subfield></datafield><datafield ind1=" " ind2="7" tag="651"><subfield code="a">Illinois</subfield><subfield code="z">Broadview.</subfield><subfield code="2">fast</subfield><subfield code="0">(OCoLC)fst01227025</subfield></datafield><datafield ind1=" " ind2="7" tag="651"><subfield code="a">Illinois</subfield><subfield code="z">Maywood.</subfield><subfield code="2">fast</subfield><subfield code="0">(OCoLC)fst01217744</subfield></datafield><datafield ind1=" " ind2="7" tag="655"><subfield code="a">Newspapers.</subfield><subfield code="2">fast</subfield><subfield code="0">(OCoLC)fst01423814</subfield></datafield><datafield ind1=" " ind2=" " tag="752"><subfield code="a">United States</subfield><subfield code="b">Illinois</subfield><subfield code="c">Cook</subfield><subfield code="d">Oak Park.</subfield></datafield><datafield ind1="0" ind2="8" tag="776"><subfield code="i">Online version:</subfield><subfield code="t">Maywood herald (Oak Park, Ill. : 1971 : Online)</subfield><subfield code="w">(DLC)sn 94054583</subfield><subfield code="w">(OCoLC)233142286</subfield></datafield><datafield ind1="0" ind2="1" tag="780"><subfield code="t">Proviso herald</subfield><subfield code="w">(DLC)sn 94054582</subfield><subfield code="w">(OCoLC)31018464</subfield></datafield><datafield ind1="1" ind2="7" tag="785"><subfield code="t">West Proviso herald</subfield><subfield code="x">1084-7928</subfield><subfield code="w">(DLC)sn 94060580</subfield><subfield code="w">(OCoLC)31072067</subfield></datafield><datafield ind1="1" ind2="7" tag="785"><subfield code="t">Melrose Park herald</subfield><subfield code="x">0745-3744</subfield><subfield code="w">(DLC)sn 82000734</subfield><subfield code="w">(OCoLC)9108877</subfield></datafield><datafield ind1="1" ind2="7" tag="785"><subfield code="t">Westchester herald (Wilmette, Ill.)</subfield><subfield code="x">0889-9045</subfield><subfield code="w">(DLC)sn 86011716</subfield><subfield code="w">(OCoLC)14101194</subfield></datafield><datafield ind1="1" ind2="7" tag="785"><subfield code="t">Proviso herald (Oak Park, Ill. : 2006)</subfield><subfield code="x">2152-1816</subfield><subfield code="w">(DLC)  2009271112</subfield><subfield code="w">(OCoLC)76802990</subfield></datafield><datafield ind1="1" ind2=" " tag="029"><subfield code="a">AU@</subfield><subfield code="b">000011230120</subfield></datafield></record>